@article{Richardson2013,
  doi = {10.1016/j.sbi.2013.06.004},
  url = {http://dx.doi.org/10.1016/j.sbi.2013.06.004},
  year  = {2013},
  month = {oct},
  publisher = {Elsevier {BV}},
  volume = {23},
  number = {5},
  pages = {707--714},
  author = {Jane S Richardson and Michael G Prisant and David C Richardson},
  title = {Crystallographic model validation: from diagnosis to healing},
  journal = {Current Opinion in Structural Biology}
}
@article{Kleywegt:ba5061,
author = "Kleywegt, Gerard J. and Harris, Mark R. and Zou, Jin-yu and Taylor, Thomas C. and W{\"{a}}hlby, Anders and Jones, T. Alwyn",
title = "{The Uppsala Electron-Density Server}",
journal = "Acta Crystallographica Section D",
year = "2004",
volume = "60",
number = "12 Part 1",
pages = "2240--2249",
month = "Dec",
doi = {10.1107/S0907444904013253},
url = {http://dx.doi.org/10.1107/S0907444904013253},
keywords = {Uppsala Electron Density Server, validation, visualisation, electron-density maps, data deposition},
}
@article{Breiman1977,
  doi = {10.1080/00401706.1977.10489521},
  url = {http://dx.doi.org/10.1080/00401706.1977.10489521},
  year  = {1977},
  month = {may},
  publisher = {Informa {UK} Limited},
  volume = {19},
  number = {2},
  pages = {135--144},
  author = {Leo Breiman and William Meisel and Edward Purcell},
  title = {Variable Kernel Estimates of Multivariate Densities},
  journal = {Technometrics}
}
@article{Joosten2011,
  doi = {10.1093/bioinformatics/btr590},
  url = {http://dx.doi.org/10.1093/bioinformatics/btr590},
  year  = {2011},
  month = {oct},
  publisher = {Oxford University Press ({OUP})},
  volume = {27},
  number = {24},
  pages = {3392--3398},
  author = {R. P. Joosten and K. Joosten and S. X. Cohen and G. Vriend and A. Perrakis},
  title = {Automatic rebuilding and optimization of crystallographic structures in the Protein Data Bank},
  journal = {Bioinformatics}
}
@inproceedings{Dabbish:2012,
 author = {Dabbish, Laura and Stuart, Colleen and Tsay, Jason and Herbsleb, Jim},
 title = {Social Coding in GitHub: Transparency and Collaboration in an Open Software Repository},
 booktitle = {Proceedings of the ACM 2012 Conference on Computer Supported Cooperative Work},
 series = {CSCW '12},
 year = {2012},
 isbn = {978-1-4503-1086-4},
 location = {Seattle, Washington, USA},
 pages = {1277--1286},
 numpages = {10},
 url = {http://doi.acm.org/10.1145/2145204.2145396},
 doi = {10.1145/2145204.2145396},
 acmid = {2145396},
 publisher = {ACM},
 address = {New York, NY, USA},
 keywords = {awareness, collaboration, coordination, open source software development, social computing, transparency},
} 
@article{Kuhlman21112003,
  doi = {10.1126/science.1089427},
  url = {http://dx.doi.org/10.1126/science.1089427},
  year  = {2003},
  month = {Nov},
  publisher = {American Association for the Advancement of Science ({AAAS})},
  volume = {302},
  number = {5649},
  pages = {1364--1368},
  author = {B. Kuhlman},
  title = {Design of a Novel Globular Protein Fold with Atomic-Level Accuracy},
  journal = {Science}
}
@article{Porebski2016,
  doi = {10.1107/s2059798315024730},
  url = {http://dx.doi.org/10.1107/S2059798315024730},
  year  = {2016},
  month = {jan},
  publisher = {International Union of Crystallography ({IUCr})},
  volume = {72},
  number = {2},
  pages = {266--280},
  author = {Przemyslaw Jerzy Porebski and Marcin Cymborowski and Marta Pasenkiewicz-Gierula and Wladek Minor},
  title = { Fitmunk : improving protein structures by accurate,  automatic modeling of side-chain conformations },
  journal = {Acta Cryst Sect D Struct Biol}
}
@book{Gainza2013,
  author = {Pablo Gainza and Kyle E. Roberts and Ivelin Georgiev and Ryan H. Lilien and Daniel A. Keedy and Cheng-Yu Chen and Faisal Reza and Amy C. Anderson and David C. Richardson and Jane S. Richardson and Bruce R. Donald},
  title = {OSPREY: Protein Design with Ensembles, Flexibility, and Provable Algorithms},
  publisher = {Academic Press},
  year = {2013},
  ISBN = {9780123942920},
  pages = {87--107},
  booktitle = {Methods in Enzymology}
}
@article{Arendall2005,
  doi = {10.1007/s10969-005-3138-4},
  url = {http://dx.doi.org/10.1007/s10969-005-3138-4},
  year  = {2005},
  month = {mar},
  publisher = {Springer Science $\mathplus$ Business Media},
  volume = {6},
  number = {1},
  pages = {1--11},
  author = {W. Bryan Arendall and Wolfram Tempel and Jane S. Richardson and Weihong Zhou and Shuren Wang and Ian W. Davis and Zhi-Jie Liu and John P. Rose and W. Michael Carson and Ming Luo and David C. Richardson and Bi-Cheng Wang},
  title = {A test of enhancing model accuracy in high-throughput crystallography},
  journal = {J Struct Funct Genomics}
}
@article{lovell2000penultimate,
	Author = {Lovell, Simon C and Word, J Michael and Richardson, Jane S and Richardson, David C},
	Date-Added = {2013-08-12 16:15:32 -0400},
	Date-Modified = {2013-08-12 16:15:32 -0400},
	Journal = {Proteins: Structure, Function, and Genetics},
	Number = {3},
	Pages = {389--408},
	Publisher = {Wiley Online Library},
	Title = {The penultimate rotamer library},
	Volume = {40},
	Year = {2000}
}
@article{Ponder1987775,
	Author = {Jay W. Ponder and Frederic M. Richards},
	Date-Added = {2013-08-12 11:29:47 -0400},
	Date-Modified = {2013-08-12 11:29:47 -0400},
	Doi = {http://dx.doi.org/10.1016/0022-2836(87)90358-5},
	Issn = {0022-2836},
	Journal = {Journal of Molecular Biology},
	Number = {4},
	Pages = {775--791},
	Title = {Tertiary templates for proteins: Use of packing criteria in the enumeration of allowed sequences for different structural classes},
	Url = {http://www.sciencedirect.com/science/article/pii/0022283687903585},
	Volume = {193},
	Year = {1987},
	Bdsk-Url-1 = {http://www.sciencedirect.com/science/article/pii/0022283687903585},
	Bdsk-Url-2 = {http://dx.doi.org/10.1016/0022-2836(87)90358-5}
}
@article{DunbrackJr2002431,
	Author = {Roland L Dunbrack},
	Date-Added = {2013-08-12 11:26:26 -0400},
	Date-Modified = {2013-08-12 11:26:26 -0400},
	Doi = {http://dx.doi.org/10.1016/S0959-440X(02)00344-5},
	Issn = {0959-440X},
	Journal = {Current Opinion in Structural Biology},
	Keywords = {protein design},
	Number = {4},
	Pages = {431--440},
	Title = {Rotamer Libraries in the 21st Century},
	Url = {http://www.sciencedirect.com/science/article/pii/S0959440X02003445},
	Volume = {12},
	Year = {2002},
	Bdsk-Url-1 = {http://www.sciencedirect.com/science/article/pii/S0959440X02003445},
	Bdsk-Url-2 = {http://dx.doi.org/10.1016/S0959-440X(02)00344-5}
}
@article{Adams:2010fk,
  doi = {10.1107/s0907444909052925},
  url = {http://dx.doi.org/10.1107/S0907444909052925},
  year  = {2010},
  month = {Jan},
  publisher = {International Union of Crystallography ({IUCr})},
  volume = {66},
  number = {2},
  pages = {213--221},
  author = {Paul D. Adams and Pavel V. Afonine and G{\'{a}}bor Bunk{\'{o}}czi and Vincent B. Chen and Ian W. Davis and Nathaniel Echols and Jeffrey J. Headd and Li-Wei Hung and Gary J. Kapral and Ralf W. Grosse-Kunstleve and Airlie J. McCoy and Nigel W. Moriarty and Robert Oeffner and Randy J. Read and David C. Richardson and Jane S. Richardson and Thomas C. Terwilliger and Peter H. Zwart},
  title = {PHENIX: a comprehensive Python-based system for macromolecular structure solution},
  journal = {Acta Cryst Sect D}
}
@article{Chen:2010kx,
  doi = {10.1107/s0907444909042073},
  url = {http://dx.doi.org/10.1107/S0907444909042073},
  year  = {2009},
  month = {Dec},
  publisher = {International Union of Crystallography ({IUCr})},
  volume = {66},
  number = {1},
  pages = {12--21},
  author = {Vincent B. Chen and W. Bryan Arendall and Jeffrey J. Headd and Daniel A. Keedy and Robert M. Immormino and Gary J. Kapral and Laura W. Murray and Jane S. Richardson and David C. Richardson},
  title = { {MolProbity} : all-atom structure validation for macromolecular crystallography },
  journal = {Acta Cryst Sect D}
}
@article{Davis2004,
  doi = {10.1093/nar/gkh398},
  url = {http://dx.doi.org/10.1093/nar/gkh398},
  year  = {2004},
  month = {jul},
  publisher = {Oxford University Press ({OUP})},
  volume = {32},
  number = {Web Server},
  pages = {W615--W619},
  author = {I. W. Davis and L. W. Murray and J. S. Richardson and D. C. Richardson},
  title = {{MolProbity}: structure validation and all-atom contact analysis for nucleic acids and their complexes},
  journal = {Nucleic Acids Research}
}
@article{Chen2009,
  doi = {10.1002/pro.250},
  url = {http://dx.doi.org/10.1002/pro.250},
  year  = {2009},
  month = {nov},
  publisher = {Wiley-Blackwell},
  volume = {18},
  number = {11},
  pages = {2403--2409},
  author = {Vincent B. Chen and Ian W. Davis and David C. Richardson},
  title = {{K}i{NG} ({K}inemage,  {N}ext {G}eneration): A versatile interactive molecular and scientific visualization program},
  journal = {Protein Science}
}
@article{Davis2007,
  doi = {10.1093/nar/gkm216},
  url = {http://dx.doi.org/10.1093/nar/gkm216},
  year  = {2007},
  month = {may},
  publisher = {Oxford University Press ({OUP})},
  volume = {35},
  number = {Web Server},
  pages = {W375--W383},
  author = {I. W. Davis and A. Leaver-Fay and V. B. Chen and J. N. Block and G. J. Kapral and X. Wang and L. W. Murray and W. B. Arendall and J. Snoeyink and J. S. Richardson and D. C. Richardson},
  title = {{MolProbity}: all-atom contacts and structure validation for proteins and nucleic acids},
  journal = {Nucleic Acids Research}
}
@article{Hooft1996,
  author = {Hooft, R W and Vriend, G and Sander, C and Abola, E E},
  doi = {10.1038/381272a0},
  issn = {0028-0836},
  journal = {Nature},
  keywords = {Crystallography, X-Ray,Databases, Factual,Protein Conformation,Quality Control},
  month = may,
  number = {6580},
  pages = {272},
  pmid = {8692262},
  shorttitle = {Nature},
  title = {{Errors in protein structures.}},
  url = {http://dx.doi.org/10.1038/381272a0},
  volume = {381},
  year = {1996}
}
@article{Kleywegt1996,
  doi = {10.1016/s0969-2126(96)00147-5},
  url = {http://dx.doi.org/10.1016/S0969-2126(96)00147-5},
  year  = {1996},
  month = {dec},
  publisher = {Elsevier {BV}},
  volume = {4},
  number = {12},
  pages = {1395--1400},
  author = {Gerard J Kleywegt and T Alwyn Jones},
  title = {Phi/Psi-chology: Ramachandran revisited},
  journal = {Structure}
}
@article{Lovell:2003uq,
  doi = {10.1002/prot.10286},
  url = {http://dx.doi.org/10.1002/prot.10286},
  year  = {2003},
  month = {Jan},
  publisher = {Wiley-Blackwell},
  volume = {50},
  number = {3},
  pages = {437--450},
  author = {Simon C. Lovell and Ian W. Davis and W. Bryan Arendall and Paul I. W. de Bakker and J. Michael Word and Michael G. Prisant and Jane S. Richardson and David C. Richardson},
  title = {Structure validation by {C$\alpha$} geometry: $\phi$, $\psi$ and {C$\beta$} deviation},
  journal = {Proteins}
}
@article{Emsley:ba5144,
    author = "Emsley, P. and Lohkamp, B. and Scott, W. G. and Cowtan, K.",
    title = "{Features and development of {\it Coot}}",
    journal = "Acta Crystallographica Section D",
    year = "2010",
    volume = "66",
    number = "4",
    pages = "486--501",
    month = {Apr},
    doi = {10.1107/S0907444910007493},
    url = {http://dx.doi.org/10.1107/S0907444910007493}
}
@article{Laskowski:gl0276,
    author = "Laskowski, R. A. and MacArthur, M. W. and Moss, D. S. and Thornton, J. M.",
    title = "{{\it PROCHECK}: a program to check the stereochemical quality of protein structures}",
    journal = "Journal of Applied Crystallography",
    year = "1993",
    volume = "26",
    number = "2",
    pages = "283--291",
    month = "Apr",
    doi = {10.1107/S0021889892009944},
    url = {http://dx.doi.org/10.1107/S0021889892009944},}

@article{Gainza:2012,
  doi = {10.1371/journal.pcbi.1002335},
  url = {http://dx.doi.org/10.1371/journal.pcbi.1002335},
  year  = {2012},
  month = {Jan},
  publisher = {Public Library of Science ({PLoS})},
  volume = {8},
  number = {1},
  pages = {e1002335},
  author = {Pablo Gainza and Kyle E. Roberts and Bruce R. Donald},
  editor = {Sarah A. Teichmann},
  title = {Protein Design Using Continuous Rotamers},
  journal = {{PLoS} Computational Biology}
}

@article{Word19991735,
  doi = {10.1006/jmbi.1998.2401},
  url = {http://dx.doi.org/10.1006/jmbi.1998.2401},
  year  = {1999},
  month = {Jan},
  publisher = {Elsevier {BV}},
  volume = {285},
  number = {4},
  pages = {1735--1747},
  author = {J. Michael Word and Simon C. Lovell and Jane S. Richardson and David C. Richardson},
  title = {Asparagine and glutamine: using hydrogen atom contacts in the choice of side-chain amide orientation},
  journal = {Journal of Molecular Biology}
}
@article{Lovell1999,
  doi = {10.1073/pnas.96.2.400},
  url = {http://dx.doi.org/10.1073/pnas.96.2.400},
  year  = {1999},
  month = {jan},
  publisher = {Proceedings of the National Academy of Sciences},
  volume = {96},
  number = {2},
  pages = {400--405},
  author = {S. C. Lovell and J. M. Word and J. S. Richardson and D. C. Richardson},
  title = {Asparagine and glutamine rotamers: B-factor cutoff and correction of amide flips yield distinct clustering},
  journal = {Proceedings of the National Academy of Sciences}
}
@article{Shapovalov:2007,
    author = {Shapovalov, Maxim V. and Dunbrack, Roland L.},
    title = {Statistical and conformational analysis of the electron density of protein side chains},
    journal = {Proteins: Structure, Function, and Bioinformatics},
    volume = {66},
    number = {2},
    publisher = {Wiley Subscription Services, Inc., A Wiley Company},
    issn = {1097-0134},
    url = {http://dx.doi.org/10.1002/prot.21150},
    doi = {10.1002/prot.21150},
    pages = {279--303},
    keywords = {protein side chains, rotamers, X-ray crystallography},
    year = {2007}}

@article{Berman2000,
  doi= {10.1093/nar/28.1.235},
  url= {http://dx.doi.org/10.1093/nar/28.1.235},
  year = {2000},
  month= {Jan},
  publisher= {Oxford University Press (OUP)},
  volume= {28},
  number= {1},
  pages= {235--242},
  author= {H. M. Berman},
  title= {The Protein Data Bank},
  journal= {Nucleic Acids Research}}

@article{Engh1991,
  doi= {10.1107/s0108767391001071},
  url= {http://dx.doi.org/10.1107/S0108767391001071},
  year = {1991},
  month= {Jul},
  publisher= {International Union of Crystallography ($\lbrace$IUCr$\rbrace$)},
  volume= {47},
  number= {4},
  pages= {392--400},
  author= {R. A. Engh and R. Huber},
  title= {Accurate bond and angle parameters for X-ray protein structure refinement},
  journal= {Acta Cryst Sect A}
}

@article{Engh2001,
  year = {2001},
  publisher= {Kluwer Academic Publishers},
  address= {Dordrecht},
  volume= {F},
  pages= {382--392},
  author= {R. A. Engh and R. Huber},
  editor= {M. G. Rossmann and E. Arnold},
  title= {Structure quality and target param eters},
  journal= {International Tables for Crystallography}
}

@article{Eyring1932,
  doi = {10.1021/ja01347a022},
  url = {http://dx.doi.org/10.1021/ja01347a022},
  year  = {1932},
  month = {Aug},
  publisher = {American Chemical Society ({ACS})},
  volume = {54},
  number = {8},
  pages = {3191--3203},
  author = {Henry Eyring},
  title = {Steric Hindrance and Collision Diameters},
  journal = {J. Am. Chem. Soc.}
}

@article{Ponder1987,
  doi = {10.1016/0022-2836(87)90358-5},
  url = {http://dx.doi.org/10.1016/0022-2836(87)90358-5},
  year  = {1987},
  month = {Feb},
  publisher = {Elsevier {BV}},
  volume = {193},
  number = {4},
  pages = {775--791},
  author = {Jay W. Ponder and Frederic M. Richards},
  title = {Tertiary templates for proteins},
  journal = {Journal of Molecular Biology}
}

@article{Weik2002,
  doi = {10.1107/s0909049502014589},
  url = {http://dx.doi.org/10.1107/S0909049502014589},
  year  = {2002},
  month = {Nov},
  publisher = {International Union of Crystallography ({IUCr})},
  volume = {9},
  number = {6},
  pages = {342--346},
  author = {Martin Weik and Jacqueline Berg{\`{e}}s and Maria L. Raves and Piet Gros and Sean McSweeney and Israel Silman and Joel L. Sussman and Chantal Hou{\'{e}}e-Levin and Raimond B. G. Ravelli},
  title = {Evidence for the formation of disulfide radicals in protein crystals upon X-ray irradiation},
  journal = {J Synchrotron Rad}
}

@article{Garman2010,
  doi = {10.1107/s0907444910008656},
  url = {http://dx.doi.org/10.1107/S0907444910008656},
  year  = {2010},
  month = {Mar},
  publisher = {International Union of Crystallography ({IUCr})},
  volume = {66},
  number = {4},
  pages = {339--351},
  author = {Elspeth F. Garman},
  title = {Radiation damage in macromolecular crystallography: what is it and why should we care?},
  journal = {Acta Cryst Sect D}
}

@article{Read2011,
  doi = {10.1016/j.str.2011.08.006},
  url = {http://dx.doi.org/10.1016/j.str.2011.08.006},
  year  = {2011},
  month = {Oct},
  publisher = {Elsevier {BV}},
  volume = {19},
  number = {10},
  pages = {1395--1412},
  author = {Randy J. Read and Paul D. Adams and W. Bryan Arendall and Axel T. Brunger and Paul Emsley and Robbie P. Joosten and Gerard J. Kleywegt and Eugene B. Krissinel and Thomas L\"{u}tteke and Zbyszek Otwinowski and Anastassis Perrakis and Jane S. Richardson and William H. Sheffler and Janet L. Smith and Ian J. Tickle and Gert Vriend and Peter H. Zwart},
  title = {A New Generation of Crystallographic Validation Tools for the Protein Data Bank},
  journal = {Structure}
}
@article{Butterfoss2003,
  doi = {10.1110/ps.03273303},
  url = {http://dx.doi.org/10.1110/ps.03273303},
  year  = {2003},
  month = {dec},
  publisher = {Wiley-Blackwell},
  volume = {12},
  number = {12},
  pages = {2719--2731},
  author = {Glenn L. Butterfoss and Jan Hermans},
  title = {Boltzmann-type distribution of side-chain conformation in proteins},
  journal = {Protein Sci.}
}
@article{Butterfoss2004,
  doi = {10.1107/s0907444904027325},
  url = {http://dx.doi.org/10.1107/S0907444904027325},
  year  = {2004},
  month = {dec},
  publisher = {International Union of Crystallography ({IUCr})},
  volume = {61},
  number = {1},
  pages = {88--98},
  author = {Glenn L. Butterfoss and Jane S. Richardson and Jan Hermans},
  title = {Protein imperfections: separating intrinsic from extrinsic variation of torsion angles},
  journal = {Acta Cryst Sect D}
}
@article{Siezen1997,
  doi = {10.1002/pro.5560060301},
  url = {http://dx.doi.org/10.1002/pro.5560060301},
  year  = {1997},
  month = {mar},
  publisher = {Wiley-Blackwell},
  volume = {6},
  number = {3},
  pages = {501--523},
  author = {Roland J. Siezen and Jack A. M. Leunissen},
  title = {Subtilases: The superfamily of subtilisin-like serine proteases},
  journal = {Protein Science}
}
@article{Headd2008,
  doi = {10.1007/s10969-008-9045-8},
  url = {http://dx.doi.org/10.1007/s10969-008-9045-8},
  year  = {2008},
  month = {nov},
  publisher = {Springer Science $\mathplus$ Business Media},
  volume = {10},
  number = {1},
  pages = {83--93},
  author = {Jeffrey J. Headd and Robert M. Immormino and Daniel A. Keedy and Paul Emsley and David C. Richardson and Jane S. Richardson},
  title = {Autofix for backward-fit sidechains: using {MolProbity} and real-space refinement to put misfits in their place},
  journal = {J Struct Funct Genomics}
}
@article{Terwilliger2008,
author = {Terwilliger, Thomas C and Grosse-Kunstleve, Ralf W and Afonine, Pavel V and Moriarty, Nigel W and Zwart, Peter H and Hung, Li Wei and Read, Randy J and Adams, Paul D},
doi = {10.1107/S090744490705024X},
issn = {0907-4449},
journal = {Acta crystallographica. Section D, Biological crystallography},
keywords = {Algorithms,Crystallography, X-Ray,Databases, Protein,Macromolecular Substances,Macromolecular Substances: chemistry,Models, Molecular,Proteins,Proteins: chemistry,Software},
language = {en},
month = jan,
number = {Pt 1},
pages = {61--9},
pmid = {18094468},
publisher = {International Union of Crystallography},
title = {Iterative model building, structure refinement and density modification with the PHENIX AutoBuild wizard.},
url = {http://scripts.iucr.org/cgi-bin/paper?ba5109},
volume = {64},
year = {2008}
}

@article{Langer2008,
  author = {Langer, Gerrit and Cohen, Serge X and Lamzin, Victor S and Perrakis, Anastassis},
  doi = {10.1038/nprot.2008.91},
  issn = {1750-2799},
  journal = {Nature Protocols},
  keywords = {Crystallography, X-Ray,Crystallography, X-Ray: methods,Ligands,Macromolecular Substances,Macromolecular Substances: chemistry,Models, Molecular,Proteins,Proteins: chemistry,Software},
  language = {en},
  month = jan,
  number = {7},
  pages = {1171--9},
  pmid = {18600222},
  publisher = {Nature Publishing Group},
  title = {{Automated macromolecular model building for X-ray crystallography using ARP/wARP version 7.}},
  url = {http://www.nature.com/nprot/journal/v3/n7/full/nprot.2008.91.html\#B41},
  volume = {3},
  year = {2008}
}
@article{RAMACHANDRAN1963,
  author = {Ramachandran, G N and Ramakrishnan, C and Sasisekharan, V},
  journal = {Journal of Molecular Biology},
  month = Jul,
  pages = {95--9},
  pmid = {13990617},
  title = {{Stereochemistry of polypeptide chain configurations.}},
  url = {http://www.ncbi.nlm.nih.gov/pubmed/13990617},
  volume = {7},
  year = {1963}
}

@incollection{JSR_theplot_2013,
  author = {Richardson, Jane S and Keedy, Daniel A and Richardson, David C},
  title = {{``The Plot''} Thickens: more Data, More Dimensions, More Uses},
  booktitle={Biomolecular Forms and Functions: A Celebration of 50 Years of the Ramachandran Map},
  editor={Bansal, M. and Srinivasan, N.},
  isbn={9789814449137},
  lccn={2012554977},
  series={IISc Press-WSPC publication},
  url={https://books.google.com/books?id=DWAbzCmUlNAC},
  pages={46--61},
  year={2013},
  publisher={World Scientific Publishing Company Incorporated}
}
@article{Bower1997,
  doi = {10.1006/jmbi.1997.0926},
  url = {http://dx.doi.org/10.1006/jmbi.1997.0926},
  year  = {1997},
  month = {apr},
  publisher = {Elsevier {BV}},
  volume = {267},
  number = {5},
  pages = {1268--1282},
  author = {Michael J. Bower and Fred E. Cohen and Roland L. Dunbrack},
  title = {Prediction of protein side-chain rotamers from a backbone-dependent rotamer library: a new homology modeling tool},
  journal = {Journal of Molecular Biology}
} 
@article{DeMaeyer1997,
author = {{De Maeyer}, M and Desmet, J and Lasters, I},
issn = {1359-0278},
journal = {Folding \& design},
keywords = {Algorithms,Models, Chemical,Models, Structural,Protein Conformation,Protein Folding},
month = jan,
number = {1},
pages = {53--66},
pmid = {9080199},
title = {{All in one: a highly detailed rotamer library improves both accuracy and speed in the modelling of sidechains by dead-end elimination.}},
url = {http://www.ncbi.nlm.nih.gov/pubmed/9080199},
volume = {2},
year = {1997}
}
@article{Word1999,
  doi = {10.1006/jmbi.1998.2400},
  url = {http://dx.doi.org/10.1006/jmbi.1998.2400},
  year  = {1999},
  month = {jan},
  publisher = {Elsevier {BV}},
  volume = {285},
  number = {4},
  pages = {1711--1733},
  author = {J. Michael Word and Simon C. Lovell and Thomas H. LaBean and Hope C. Taylor and Michael E. Zalis and Brent K. Presley and Jane S. Richardson and David C. Richardson},
  title = {Visualizing and quantifying molecular goodness-of-fit: small-probe contact dots with explicit hydrogen atoms},
  journal = {Journal of Molecular Biology}
}
@phdthesis{Thesis:Word,
  author       = {J. Michael Word},
  title        = {All-Atom Small-Probe Contact Surface Analysis},
  school       = {Duke University},
  year         = 2000,
}
@phdthesis{Thesis:Davis,
  author       = {Ian W. Davis},
  title        = {Local Motion and Local Accuracy in Protein Backbone},
  school       = {Duke University},
  year         = 2006,
}
@article{Tuffery1991,
  doi = {10.1080/07391102.1991.10507882},
  url = {http://dx.doi.org/10.1080/07391102.1991.10507882},
  year  = {1991},
  month = {jun},
  publisher = {Informa {UK} Limited},
  volume = {8},
  number = {6},
  pages = {1267--1289},
  author = {P. Tuffery and C. Etchebest and S. Hazout and R. Lavery},
  title = {A New Approach to the Rapid Determination of Protein Side Chain Conformations},
  journal = {Journal of Biomolecular Structure and Dynamics}
}
@article{Schrauber1993,
  doi = {10.1006/jmbi.1993.1172},
  url = {http://dx.doi.org/10.1006/jmbi.1993.1172},
  year  = {1993},
  month = {mar},
  publisher = {Elsevier {BV}},
  volume = {230},
  number = {2},
  pages = {592--612},
  author = {Hannelore Schrauber and Frank Eisenhaber and Patrick Argos},
  title = {Rotamers: To be or not to be?},
  journal = {Journal of Molecular Biology}
}
@article{Winn2011,
  doi = {10.1107/s0907444910045749},
  url = {http://dx.doi.org/10.1107/S0907444910045749},
  year  = {2011},
  month = {mar},
  publisher = {International Union of Crystallography ({IUCr})},
  volume = {67},
  number = {4},
  pages = {235--242},
  author = {Martyn D. Winn and Charles C. Ballard and Kevin D. Cowtan and Eleanor J. Dodson and Paul Emsley and Phil R. Evans and Ronan M. Keegan and Eugene B. Krissinel and Andrew G. W. Leslie and Airlie McCoy and Stuart J. McNicholas and Garib N. Murshudov and Navraj S. Pannu and Elizabeth A. Potterton and Harold R. Powell and Randy J. Read and Alexei Vagin and Keith S. Wilson},
  title = { Overview of the {CCP} 4 suite and current developments },
  journal = {Acta Crystallogr D Biol Cryst}
}
@article{Dunbrack1997,
  doi = {10.1002/pro.5560060807},
  url = {http://dx.doi.org/10.1002/pro.5560060807},
  year  = {1997},
  month = {aug},
  publisher = {Wiley-Blackwell},
  volume = {6},
  number = {8},
  pages = {1661--1681},
  author = {Roland L. Dunbrack and Fred E. Cohen},
  title = {Bayesian statistical analysis of protein side-chain rotamer preferences},
  journal = {Protein Sci.}
}
